@article{smith2023regression,
  title={Advanced Regression Analysis in Economic Research},
  author={Smith, John A. and Johnson, Mary B.},
  journal={Journal of Applied Econometrics},
  volume={38},
  number={4},
  pages={123--145},
  year={2023},
  publisher={Wiley}
}

@book{greene2018econometric,
  title={Econometric Analysis},
  author={Greene, William H.},
  edition={8th},
  year={2018},
  publisher={Pearson}
}

@article{wooldridge2010econometric,
  title={Econometric Analysis of Cross Section and Panel Data},
  author={Wooldridge, Jeffrey M.},
  year={2010},
  publisher={MIT Press},
  edition={2nd}
}
